@inproceedings{Gunther:2010:MRP:2493288.2493289,
  author = {G\"{u}nther, Sebastian and Fischer, Marco},
  title = {Metaprogramming in Ruby: A Pattern Catalog},
  booktitle = {Proceedings of the 17th Conference on Pattern Languages of Programs},
  series = {PLOP '10},
  year = {2010},
  isbn = {978-1-4503-0107-7},
  location = {Reno, Nevada},
  pages = {1:1--1:35},
  articleno = {1},
  numpages = {35},
  url = {http://doi.acm.org/10.1145/2493288.2493289},
  doi = {10.1145/2493288.2493289},
  acmid = {2493289},
  publisher = {ACM},
  address = {New York, NY, USA},
  keywords = {Ruby, dynamic programming languages, metaprogramming},
}
